@article{hendriks-adn10,
  author = {M. Hendriks and C. Kaliszyk and F. van Raamsdonk and F. Wiedijk},
  title = {Teaching logic using a state-of-the-art proof assistant},
  journal = {Acta Didactica Napocensia},
  year = {2010},
  volume = {3},
  number = {2},
  pages = {35-48},
}


@inproceedings{DBLP:conf/sigcse/Wainwright92,
  author    = {R. L. Wainwright},
  title     = {Introducing functional programming in discrete mathematics},
  pages     = {147-152},
  editor    = {N. B. Dale},
  booktitle     = {Proceedings of the 23rd SIGCSE Technical Symposium on Computer
               Science Education},
  publisher = {ACM},
  year      = {1992},
  isbn      = {0-89791-468-6},
}



@inproceedings{DBLP:conf/oopsla/VanDrunen11,
  author    = {T. VanDrunen},
  title     = {The case for teaching functional programming in discrete
               math},
  year      = {2011},
  pages     = {81-86},
  editor    = {C. Videira Lopes and
               K. Fisher},
  booktitle     = {Companion to the 26th Annual ACM SIGPLAN Conference on Object-Oriented
               Programming, Systems, Languages, and Applications, OOPSLA
               2011, part of SPLASH 2011},
  publisher = {ACM},
  isbn      = {978-1-4503-0942-4},
}



@Book{bookvandrunen,
  author =	"T. VanDrunen",
  title =	"Discrete mathematics and Functional Programming",
  publisher =	"Franklin, Beedle and Associates",
  year = 	2012
}
@article{Coq-Ens,
author = "D. Delahaye and M. Jaume and V. Prevosto",
title = "{{Coq}: un outil pour l'enseignement}",
journal = "Technique et Science Informatiques (TSI)",
volume = 24,
number = 9,
pages = "1139--1160",
year = 2005
}

@inproceedings{Nipkow-VMCAI12,
author={T. Nipkow},
title={Teaching Semantics with a Proof Assistant: No more {LSD} Trip Proofs},
booktitle={Verification, Model Checking, and Abstract Interpretation (VMCAI 2012)},
editor={V. Kuncak and A. Rybalchenko},
publisher="Springer",series="LNCS",volume={7148},pages={24-38},year=2012}

@inproceedings{DBLP:conf/icfp/Pierce09,
  author    = {B. C. Pierce},
  title     = {Lambda, the ultimate TA: using a proof assistant to teach
               programming language foundations},
  pages     = {121-122},
  editor    = {G. Hutton and
               A. P. Tolmach},
  booktitle     = {Proceeding of the 14th ACM SIGPLAN Int. Conf.
               on Functional programming, ICFP 2009},
  publisher = {ACM},
  year      = {2009},
  isbn      = {978-1-60558-332-7},
}




 @inproceedings{narboux:inria-00495952, 
AUTHOR = {J. Narboux}, 
TITLE = {{Toward the use of a proof assistant to teach mathematics}}, 
YEAR = {2005}, 
BOOKTITLE = {{7-th Int. Conf. on Technology in Mathematics Teaching (ICTMT7)}}, 
URL = {http://hal.inria.fr/inria-00495952} }

@inproceedings{oai:CiteSeerXPSU:10.1.1.19.3780,
  title =	"Teaching Discrete Structures with {SML}",
  author =	"C. Scharff and A. Wildenberg",
  editor = "Proceedings of the Int. Workshop on Functional and Declarative Programming in Education (FDPE 2002)",
booktitle ="Published as Technical Report No. 0210 of the University of Kiel (Germany)",
  year = 	"2002"
}

@inproceedings{Henderson02,
  title =	"Functional and declarative languages for learning discrete mathematics",
  author =	"P. B. Henderson",
  editor = "Proceedings of the Int. Workshop on Functional and Declarative Programming in Education (FDPE 2002)",
booktitle ="Published as Technical Report No. 0210 of the University of Kiel (Germany)",
  year = 	"2002"
}

@inproceedings{darosa02,
  title =	"The Role of Discrete Mathematics and Programming in Education",
  author =	"S. Da Rosa",
  editor = "Proceedings of the Int. Workshop on Functional and Declarative Programming in Education (FDPE 2002)",
booktitle ="Published as Technical Report No. 0210 of the University of Kiel (Germany)",
  year = 	"2002"
}

@Book{NKtoappear,
  author =	"T. Nipkow and G. Klein",
  title =	"Concrete Semantics. A proof assistant approach",
  publisher =	"Draft",
URL =  {http://www21.in.tum.de/~nipkow/Concrete-Semantics/concrete_semantics.pdf},
  year = 	"2013"
}


@Book{Doets04,
  author =	"K. Doets and J. van Eijck",
  title =	"The Haskell Road to Logic, Maths and Programming",
  publisher =	"King's College Publications, London",
  year = 	"2004"
}


@Book{Harrison09,
  author =	"J. Harrison",
  title =	"Handbook of Practical Logic and Automated Reasoning",
  year = 	"2009",
  publisher =	"Cambridge University Press",
}


@Book{books/daglib/0007497,
  title =	"Discrete mathematics using a computer",
  author =	"J. T. O'Donnell and C. V. Hall and R. Page",
  publisher =	"Springer",
  year = 	"2006"
}

@inproceedings{chaudhuri:proof,
  author = {K. Chaudhuri and D. Doligez and L. Lamport
            and S. Merz},
  title = {A {TLA${}^{+}$} Proof System},
  booktitle = {Proceedings of the {LPAR} Workshops: Knowledge Exchange:
               Automated Provers and Proof Assistants, and The 7th
               Int. Workshop on the Implementation of Logics
                  (KEAPPA)},
  year = 2008,
  editor = {Sutcliffe, G. and Rudnicki, P. and Schmidt, R. and Konev, B.
            and Schulz, S.},
  month = nov,
  key = {},
  xxcrossref = {keappa-2008},
  pdf = {chaudhuri-et-al-keappa-2008.pdf}
}


@inproceedings{StoulsP07,
  author    = {N. Stouls and
               M.L. Potet},
  title     = {Security Policy Enforcement Through Refinement Process},
  booktitle = {B 2007: Formal Specification and Development in B, 7th Int.
               Conf. of B Users},
  year      = {2007},
  series    = {LNCS},
  publisher =	"Springer",
  volume    = {4355},
  pages     = {216-231}
}


@InProceedings{conf/lpar/BonichonDD07,
  title =	"Zenon: An Extensible Automated Theorem Prover
		 Producing Checkable Proofs",
  author =	"R. Bonichon and D. Delahaye and D.
		 Doligez",
  booktitle =	"Logic for Programming, Artificial Intelligence, and
		 Reasoning, 14th Int. Conf., {LPAR}",
  publisher =	"Springer",
  year = 	"2007",
  volume =	"4790",
  pages =	"151--165",
  series =	"LNCS",
}

@article{DBLP:journals/amai/Rioboo09,
  author    = {R. Rioboo},
  title     = {Invariants for the {F}oCaL language},
  journal   = {Annals of Mathematics and Artificial Intelligence},
  volume    = {56},
  number    = {3-4},
  year      = {2009},
  pages     = {273-296},
  ee        = {http://dx.doi.org/10.1007/s10472-009-9156-3},
  bibsource = {DBLP, http://dblp.uni-trier.de}
}


@InProceedings{afadl10,
  title =	"Contr\^ole 
d'acc\`es versus Contr\^ole de flots",
  author =	{M. Jaume and V. {Viet Triem Tong} and L. M\'e},
  booktitle =	"Approches Formelles dans 
l'Assistance au D\'eveloppement de Logiciels, AFADL",
  year = 	"2010"
}

@inproceedings{JM07,
author = {Jaume, M. and Morisset, C.},
title = {Contr\^oler le contr\^ole d'acc\`es},
booktitle = {AFADL, Approches Formelles dans l'Assistance au D\'eveloppement de Logiciels},
year = {2007},
}


@article{DBLP:journals/tsi/JaumeM08,
  author    = {M. Jaume and
               C. Morisset},
  title     = {Un cadre s{\'e}mantique pour le contr{\^o}le d'acc{\`e}s},
  journal   = {Technique et Science Informatiques},
  volume    = {27},
  number    = {8},
  year      = {2008},
  pages     = {951-976},
}


@article{DBLP:journals/tsi/BlondM07,
  author    = {J. Blond and
               C. Morisset},
  title     = {Un moniteur de r{\'e}f{\'e}rence s{\^u}r d'une base de
               donn{\'e}es},
  journal   = {Technique et Science Informatiques},
  volume    = {26},
  number    = {9},
  year      = {2007},
  pages     = {1091-1110},
}

@InProceedings{fps2011,
  title = "Formal specification and validation of security policies",
  author =	"T. Bourdier and H. Cirstea and M. Jaume and H. Kirchner",
  booktitle =	"Foundations \& Practice of Security, {FPS 2011}",
  year = 	"2011",
  publisher =	"Springer",
  volume =	"6888",
 pages = {148--163},
  series =	"LNCS",
}

@InProceedings{Jaume10,
  title =	"Security Rules versus Security Properties",
  author =	"M. Jaume",
  booktitle =	"Information Systems Security - 6th Int.
		 Conf., {ICISS}",
  publisher =	"Springer",
  year = 	"2010",
  volume =	"6503",
  pages =	"231--245",
  series =	"LNCS",
}

@InProceedings{iciss2011,
  title =	"Flow based interpretation of access control: Detection of illegal information flows",
  author =	"M. Jaume and V. {Viet Triem Tong} and L. M\'e",
  booktitle =	"Information Systems Security - 7th Int.
		 Conf., {ICISS}",
  publisher =	"Springer",
  pages =	"72--86",
  volume =	"7093",
  year = 	"2011",
  series =	"LNCS",
}

@Manual{foc03,
  author = {Focalize},
  title ={ {Focalize}, 
                  {Tutorial and reference manual}},
  year =	 2010,
  note =	 {Distribution available at: 
                  {\tt http://focalize.inria.fr}}
}

@Manual{coq84,
  author = {Coq},
  title ={ {The Coq Proof Assistant}, 
                  {Tutorial and reference manual}},
  year =	 2010,
  note =	 {Distribution available at: 
                  {\tt http://coq.inria.fr/}}
}


@InProceedings{dhv04,
  author =       "C. Dubois and T. Hardin and V. Vigui\'e Donzeau Gouge",
  year =         "2004",
  title =        "Building certified components within Focal",
  booktitle =    "Symposium on Trends in Functional
Programming"
}


@ARTICLE{PrevostoJAR02,
  AUTHOR = {V. Prevosto and D. Doligez},
  TITLE = {Algorithms and Proof Inheritance in the {Foc} language},
  JOURNAL = {Journal of Automated Reasoning},
  YEAR = 2002,
  VOLUME = 29,
  NUMBER = {3-4},
  PAGES = {337-363},
}


@PhdThesis{rr,
  author = 	 {R. Rioboo},
  title = 	 {Programmer le Calcul Formel, des Algorithmes \`a 
la S\'emantique, M\'emoire d'Habilitation},
  school = 	 {Universit\'e Pierre et Marie Curie},
  year = 	 2002,
 type = {M\'emoire d'Habilitation},
  address =	 {Paris, France},
}

@InProceedings{DelahayeED06,
  title =	"Certifying Airport Security Regulations Using the
		 {Focal} Environment",
  author =	"D. Delahaye and J.F. {\'E}tienne
		 and V. Donzeau-Gouge",
   booktitle =	"{FM} 2006: 14th Int.
		 Symp. on Formal Methods",
  publisher =	"Springer",
  year = 	"2006",
  volume =	"4085",
  pages =	"48--63",
  series =	"LNCS",
}

@PhdThesis{PrevostoPhD03,
  author =       {V. Prevosto},
  title =        {Conception et Implantation du langage {FoC} pour le d\'eveloppement de logiciels certifi\'es},
  school =       {Universit\'e Paris 6},
  year =         2003,
  month =        {sep}
}

@inproceedings{calc03,
  title={Making proofs
    in a hierarchy of mathematical structures},
  author={V. Prevosto and M. Jaume},
  booktitle={11th Symp. on the Integration of Symbolic Computation and 
Mechanized Reasoning, Calculemus 2003},
  year="2003",
  pages="89--100",
  publisher="Aracne"
}

@inproceedings{calc01,
  title={Some hints for polynomials in the {F}oc project},
  author={S. Boulm\'e and T. Hardin and R. Rioboo},
  booktitle={9th Symp. on the Integration of Symbolic Computation and 
Mechanized Reasoning, Calculemus 2001},
  year="2001",
}

@phdthesis{BoulmeThese,
	author = {S. Boulm\'e},
	title = {Sp\'ecification d'un environnement d\'edi\'e \`a la programmation certifi\'ee de biblioth\`eques de Calcul Formel},
	school = {Universit\'e Paris 6},
	year = 2000
}


@INPROCEEDINGS{PrevostoTPHOL02,
  AUTHOR = {V. Prevosto and D. Doligez and Th. Hardin},
  TITLE = {Algebraic Structures and Dependent Records},
booktitle =    "TPHOLs : 15th International Workshop on Higher Order
                 Logic Theorem Proving and Its Applications",
  YEAR = 2002,
  volume =       "2410",
  EDITOR = {C. Munoz and S. Tahar and V. Carreno},
  MONTH = {aou},
  PUBLISHER = {LNCS, Springer-Verlag}
}

@inproceedings{SohrDA05,
  author    = {K. Sohr and
               M. Drouineaud and
               G.J. Ahn},
  title     = {Formal specification of role-based security policies for
               clinical information systems},
  year      = {2005},
  pages     = {332-339},
  booktitle     = {Proceedings of the 2005 ACM Symposium on Applied Computing
               (SAC)},
  publisher = {ACM},
  year      = {2005}
}



@inproceedings{DBLP:conf/icsoft/CarlierDG10,
  author    = {M. Carlier and
               C. Dubois and
               A. Gotlieb},
  title     = {Constraint Reasoning in {F}ocal{T}est},
  booktitle = {ICSOFT 2010 - Proceedings of the Fifth Int. Conf.
               on Software and Data Technologies, Volume 2},
  year      = {2010},
  publisher = {SciTePress},
  pages     = {82-91},
}

@inproceedings{DBLP:conf/tap/CarlierD08,
  author    = {M. Carlier and
               C. Dubois},
  title     = {Functional Testing in the {F}ocal Environment},
  booktitle = {Tests and Proofs, Second Int. Conf., TAP 2008,
              Proceedings},
  year      = {2008},
  pages     = {84-98},
  publisher = {Springer},
  series    = {LNCS},
  volume    = {4966},

}

@inproceedings{DBLP:conf/tap/AyraultHP09,
  author    = {P. Ayrault and
               T. Hardin and
               F. Pessaux},
  title     = {Development of a Generic Voter under {F}oCal},
  booktitle = {Tests and Proofs, Third Int. Conf., TAP 2009,
               Proceedings},
  year      = {2009},
  pages     = {10-26},
  publisher = {Springer},
  series    = {LNCS},
  volume    = {5668},

}

@article{DBLP:journals/entcs/AyraultHP09,
  author    = {P. Ayrault and
               T. Hardin and
               F. Pessaux},
  title     = {Development Life-cycle of Critical Software Under FoCaL},
  journal   = {Electr. Notes Theoretical Computer Science},
  volume    = {243},
  year      = {2009},
  pages     = {15-31},
}



@inproceedings{BD9,
  author    = {N. Bertaux and D. Delahaye},
  title     = {Developing structured libraries using the Focal environment},
  booktitle = {First Workshop on Modules and Libraries for Proof Assistants (MLPA'09).Proceedings},
  year      = {2009},
  pages     = {2--10},
  publisher = {ACM},
}




@InProceedings{jfl2010,
  title =	"G\'en\'eration de code fonctionnel certifi\'e \`a partir de sp\'ecifications inductives dans l'environnement {F}oCaLiZe",
  author =	"D. Delahaye and C. Dubois and P.N. Tollite",
  booktitle =	"21th Journ\'ees Francophones des Langages Applicatifs",
  year = 	"2010"
}

@Article{HarRuz76,
  author =	{M. Harrison and W. Ruzzo and J. Ullman},
  title =	{Protection in Operating Systems},
  journal =	{Communications of the {ACM}},
  volume =	{19},
pages = {461--471},
  year = 	{1976}
}

@TechReport{LaPadula96a,
author =       {D. Bell and L. LaPadula},
title =        {Secure {C}omputer {S}ystems: a {M}athematical {M}odel},
institution =  {{MITRE} Corp.},
year =         {1973},
number =       {MTR-2547 (Vol. II)},
address =      {Bedford, MA},
}


@Manual{CC2,
  title =	"Common Criteria for Information Technology Security
		 Evaluation, Norme {ISO} 15408 -- Version 3.0 Rev 2",
  author =  	"{Common Criteria}",
  year = 	"2005",
}


@Manual{ocamldocu,
  title =	"The Objective Caml system, Documentation and user's
		 manual",
  author =	"X. Leroy and D. Doligez and J. Garrigue
		 and D. R\'emy and J. Vouillon",
  edition =	"release 3.07",
  year = 	"2003",
}

@Book{Abrial96a,
  author =	"J.R. Abrial",
  title =	"The {B}~Book: Assigning Programs to Meanings",
  publisher =	"Cambridge University Press",
  year = 	"1996",
}

@InProceedings{conf/tphol/BoveDN09,
  title =	"A Brief Overview of {A}gda - {A} Functional Language
		 with Dependent Types",
  author =	"A. Bove and P. Dybjer and U. Norell",
  booktitle =	"Theorem Proving in Higher Order Logics, 22nd
		 Int. Conf., {TPHOL}s 2009, Proceedings",
  publisher =	"Springer",
  year = 	"2009",
  volume =	"5674",
  pages =	"73--78",
  series =	"LNCS",
}

@Article{Lamport95,
  author =	"L. Lamport",
  title =	"How to Write a Proof",
  journal =	"AMM: The American Mathematical Monthly",
  volume =	"102",
  number="7",
pages="600--608",
  year = 	"1995",
}


@Manual{FIPS2001SRC,
  author =	"{FIPS}",
  title =	"Security Requirements for Cryptographic Modules, FIPS 140-3",
  volume =	"140-3",
  organization = "National Institute for Standards and Technology",
  series =	"FIPS PUB",
year = "2009"
}
