@inproceedings{DBLP:conf/esorics/Oheimb04,
  author    = {D. von Oheimb},
  title     = {Information Flow Control Revisited: Noninfluence = Noninterference
               + Nonleakage},
  booktitle = {ESORICS 2004, 9th European Symposium
               on Research Computer Security},
  year      = {2004},
  pages     = {225-243},
  publisher = {Springer},
  series    = {Lecture Notes in Computer Science},
  volume    = {3193},
}




@TechReport{Rushby92,
  author =	"J. Rushby",
  title =	"Noninterference, Transitivity, and Channel-Control
		 Security Policies",
  number =	"SRI-CSL-92-02,",
  institution =  "SRI",
  year = 	"1992",
}






@InProceedings{Goguen82a,
  author =	"J. A. Goguen and J. Meseguer",
  year = 	"1982",
  title =	"Security Policies and Security Models",
  booktitle =	"Proc. IEEE Symposium on Security and Privacy",
  pages =	"11--20",
}


@InProceedings{lncs194*465,
  author =	"A. P. Sistla and M. Y. Vardi and P. Wolper",
  title =	"The Complementation Problem for Buchi Automate with
		 Applications to Temporal Logic",
  pages =	"465--474",
  booktitle =	"Proceedings of the 12th Colloquium on Automata,
		 Languages and Programming (ICALP)",
  year = 	"1985",
  series =	"LNCS",
  volume =	"194",
  publisher =	"Springer",
}



@Book{Eilenberg74,
  author =	"S. Eilenberg",
  publisher =	"Academic Press",
  title =	"Automata, Languages, and Machines, Vol. A",
  year = 	"1974",
}
@Article{AS87,
  author =	"B. Alpern and F.~B. Schneider",
  journal =	"Distributed Computing",
  pages =	"117--126",
  title =	"Recognizing safety and liveness",
  volume =	"2",
  year = 	"1987",
}

@inproceedings{DBLP:conf/ifip1-7/KhouryT10,
  author    = {R. Khoury and
               N. Tawbi},
  title     = {Corrective Enforcement of Security Policies},
  booktitle = {Formal Aspects of Security and Trust - 7th International
               Workshop, FAST 2010},
  year      = {2011},
  publisher = {Springer},
  series    = {Lecture Notes in Computer Science},
  volume    = {6561},
  pages     = {176-190},

}

@article{DBLP:journals/csr/KhouryT12,
  author    = {R. Khoury and
               N. Tawbi},
  title     = {Which security policies are enforceable by runtime monitors?
               A survey},
  journal   = {Computer Science Review},
  volume    = {6},
  number    = {1},
  year      = {2012},
  pages     = {27-45},
}

@article{DBLP:journals/tissec/KhouryT12,
  author    = {R. Khoury and
               N. Tawbi},
  title     = {Corrective Enforcement: A New Paradigm of Security Policy
               Enforcement by Monitors},
  journal   = {ACM Trans. Inf. Syst. Secur.},
  volume    = {15},
  number    = {2},
  year      = {2012},
  pages     = {10},
}

@inproceedings{DBLP:conf/esorics/LigattiR10,
  author    = {J. Ligatti and
               S. Reddy},
  title     = {A Theory of Runtime Enforcement, with Results},
  booktitle = {Computer Security - ESORICS 2010, 15th European Symposium
               on Research in Computer Security},
  year      = {2010},
  pages     = {87-100},
  publisher = {Springer},
  series    = {Lecture Notes in Computer Science},
  volume    = {6345},

}




@article{DBLP:journals/entcs/BeauquierCL09,
  author    = {D. Beauquier and
               J. Cohen and
               R. Lanotte},
  title     = {Security Policies Enforcement Using Finite Edit Automata},
  journal   = {Electr. Notes Theor. Comput. Sci.},
  volume    = {229},
  number    = {3},
  year      = {2009},
  pages     = {19-35},
}


@article{DBLP:journals/ijisec/BielovaM11,
  author    = {N. Bielova and
               F. Massacci},
  title     = {Do you really mean what you actually enforced? - Edited
               automata revisited},
  journal   = {Int. Journal of Information Security},
  volume    = {10},
  number    = {4},
  year      = {2011},
  pages     = {239-254}
}


@article{DBLP:journals/jcs/BielovaM12,
  author    = {N. Bielova and
               F. Massacci},
  title     = {Iterative enforcement by suppression: Towards practical
               enforcement theories},
  journal   = {Journal of Computer Security},
  volume    = {20},
  number    = {1},
  year      = {2012},
  pages     = {51-79}
}


@article{DBLP:journals/ijisec/LigattiBW05,
  author    = {J. Ligatti and
               L. Bauer and
               D. Walker},
  title     = {Edit automata: enforcement mechanisms for run-time security
               policies},
  journal   = {Int. Journal of Information Security},
  volume    = {4},
  number    = {1-2},
  year      = {2005},
  pages     = {2-16},
}


@Article{journals/csi/GurgensOR05,
  title =	"On a formal framework for security properties",
  author =	"S. G{\"u}rgens and P. Ochsenschl{\"a}ger and
		 C. Rudolph",
  journal =	"Computer Standards \& Interfaces",
  year = 	"2005",
  number =	"5",
  volume =	"27",
  pages =	"457--466",
}
@InProceedings{cmp93:short,
  title =	"The safety-progress classification",
  author =	"E. Chang and Z. Manna and A. Pnueli",
  year = 	"1993",
  booktitle =	"{\it Logic and Algebra of Specifications},
		 Proceedings",
  publisher =	"Springer",
  volume =	"79",
  pages =	"143--202",
}


@InProceedings{mantel:possibilistic-definitions-of-security--an-assembly-kit:2000,

  author	= {H. Mantel},
  booktitle	= {Proceedings of the 13th IEEE Computer Security Foundations
		  Workshop},
  pages		= {185--199},
  publisher	= {IEEE Computer Society},
  title		= {{Possibilistic Definitions of Security -- An Assembly
		  Kit}},
  year		= 2000
}



@InProceedings{mantel:on-the-composition-of-secure-systems:2002,
  author	= {H. Mantel},
  booktitle	= {Proceedings of the IEEE Symposium on Security and
		  Privacy},
  pages		= {88--101},
  publisher	= {IEEE Computer Society},
  title		= {{On the Composition of Secure Systems}},
  year		= 2002
}



@article{DBLP:journals/entcs/DSouzaRS05,
  author    = {D. D'Souza and
               K. R. Raghavendra and
               B. Sprick},
  title     = {An Automata Based Approach for Verifying Information Flow
               Properties},
  journal   = {Electr. Notes Theor. Comput. Sci.},
  volume    = {135},
  number    = {1},
  year      = {2005},
  pages     = {39-58},
}



@INPROCEEDINGS{601322,
author={A. Zakinthinos and E.S. Lee},
booktitle={Proceedings of the 18th IEEE Symposium on Security and Privacy}, 
title={A general theory of security properties},
year={1997},
volume={},
number={},
pages={94 -102},
}


@Article{journals/jcs/ClarksonS10,
  title =	"Hyperproperties",
  author =	"M. R. Clarkson and F. B. Schneider",
  journal =	"Journal of Computer Security",
  year = 	"2010",
  number =	"6",
  volume =	"18",
  pages =	"1157--1210",
}

@Article{APAL::Abramsky1991,
  title =	"Domain theory in logical form",
  author =	"S. Abramsky",
  pages =	"1--77",
  journal =	"Annals of Pure and Applied Logic",
  year = 	"1991",
  volume =	"51",
  number =	"1--2",
}

@inproceedings{DBLP:conf/sigsoft/NaumovichC00,
  author    = {G. Naumovich and
               L. A. Clarke},
  title     = {Classifying properties: an alternative to the safety-liveness
               classification},
  booktitle = {Symposium on Foundations of Software Engineering ACM SIGSOFT FSE},
  year      = {2000},
  pages     = {159-168},
}

@TechReport{1987:tr:schneider,
  author =	"F. B. Schneider",
  title =	"Decomposing properties into safety and liveness using
		 predicate logic",
  institution =  "Department of Computer Science, Cornell University",
  number =	"87-874",
  year = 	"1987",
}



@inproceedings{DBLP:conf/esorics/LigattiBW05,
  author    = {J. Ligatti and
               L. Bauer and
               D. Walker},
  title     = {Enforcing Non-safety Security Policies with Program Monitors},
  booktitle = {10th European Symposium
               on Research in Computer Security (ESORICS)},
  year      = {2005},
  pages     = {355-373},
   series = {Lecture Notes in Computer Science},
   publisher = {Springer},
   volume = {3679}
}





@Article{IEEETSE::Lamport1977,
  title =	"Proving the Correctness of Multiprocess Programs",
  author =	"L. Lamport",
  journal =	"IEEE Transactions on Software Engineering",
  pages =	"125--143",
  year = 	"1977",
  volume =	"3",
  number =	"2",
}


@Article{Alpern85a,
  author =	"B. Alpern and F. B. Schneider",
  year = 	"1985",
  title =	"Defining Liveness",
  journal =	"Information Processing Letters",
  volume =	"21",
  pages =	"181--185"
}


@Article{Ligatti:2009:RTE,
  author =	"J. Ligatti and L. Bauer and D. Walker",
  title =	"Run-Time Enforcement of Nonsafety Policies",
  journal =	"ACM Transactions on Information and System Security",
  volume =	"12",
  number =	"3",
  pages =	"19:1--19:41",
  year = 	"2009"
}




@Article{Schneider00a,
  author =	"F. B. Schneider",
  year = 	"2000",
  title =	"Enforceable Security Policies",
  journal =	"ACM Transactions on Information and System Security",
  volume =	"3",
  number =	"1",
  pages =	"30--50"
}

@InProceedings{Mantel01b,
  author =	"H. Mantel",
  year = 	"2001",
  title =	"Preserving Informaton Flow Properties under
		 Refinement",
  booktitle =	"Proceedings of the 2001 {IEEE} Symposium on Security
		 and Privacy",
  pages =	"78--93"
}


@incollection {barto,
   author = {M. Bartoletti},
   title = {Usage Automata},
   booktitle = {Foundations and Applications of Security Analysis},
   series = {Lecture Notes in Computer Science},
   publisher = {Springer},
   pages = {52-69},
   volume = {5511},
   year = {2009}
}