@MANUAL{FoCaLiZe-Tuto,
AUTHOR="{{The {F}o{C}a{L}ize Team}}",
TITLE="A Short Tutorial for {F}o{C}a{L}ize: Implementing Sets",
ORGANIZATION="LIP6-ENSIIE-ENSTA",
YEAR="2009--2012"
}
